@online{
	fastapi-fileresponse,
	url = {https://fastapi.tiangolo.com/advanced/custom-response/#fileresponse},
	author = {Fast API},
	title = {Custom Response},
}